@article{chakraborty2022topsis,
  title     = {TOPSIS and Modified TOPSIS: A comparative analysis},
  author    = {Chakraborty, Subrata},
  journal   = {Decision Analytics Journal},
  volume    = {2},
  pages     = {100021},
  year      = {2022},
  publisher = {Elsevier}
}

@article{vasquez2021ahp,
  title     = {AHP--TOPSIS Methodology for Stock Portfolio Investments},
  author    = {V{\'a}squez, Jaime Alberto and Escobar, John Willmer and Manotas, Diego Fernando},
  journal   = {Risks},
  volume    = {10},
  number    = {1},
  pages     = {4},
  year      = {2021},
  publisher = {MDPI}
}

@article{yu2014improved,
  title     = {An improved score interval with a modified midpoint for a binomial proportion},
  author    = {Yu, Wei and Guo, Xu and Xu, Wangli},
  journal   = {Journal of Statistical Computation and Simulation},
  volume    = {84},
  number    = {5},
  pages     = {1022--1038},
  year      = {2014},
  publisher = {Taylor \& Francis}
}

